@texbook{kuby_1987,
    author = {Michael J. Kuby},
    year = {1987},
    title = {Programming Models for Facility Dispersion: The p-Dispersion and Maxisum Dispersion Problems}, 
    series = {Geographical Analysis}, 
    volume = {19}
}

@online{exemplo.datascience,
  title = {How To Solve Travelling Salesman Problem With Simulated Annealing},
  url = {https://towardsdatascience.com/how-to-solve-travelling-salesman-problem-with-simulated-annealing-c248447a8bcd},
  urldate = {2023-06-12},
}


@texbook{erkut_1990,
    author = {Erhan Erkut},
    year = {1990},
    title = {The discrete p-dispersion problem}, 
    series = {European Journal of Operational Research}, 
    volume = {46},
    issue = {1}
}

@article{bangert_2012,
    author = {P. Bangert},
    year = {2012},
    title = {Optimization for Industrial Problems}, 
    series = {Springer Berlin Heidelberg},
    doi = {10.1007/978-3-642-24974-7}
}

@article{yang_2022,
    author = {L. Yang},
    year = {2022},
    title = {Research on Logistics Distribution Vehicle Path Optimization Based on Simulated Annealing Algorithm}, 
    series = {Advances in Multimedia},
    doi = {10.1155/2022/7363279}
}


@book{ahuja.etal_1993,
  title = {Network Flows: Theory, Algorithms, and Applications},
  shorttitle = {Network Flows},
  author = {Ahuja, Ravindra K. and Magnanti, Thomas L. and Orlin, James B.},
  date = {1993},
  publisher = {{Prentice Hall}},
  location = {{Englewood Cliffs, N.J}},
  isbn = {978-0-13-617549-0},
  pagetotal = {846},
  keywords = {Mathematical optimization,Network analysis (Planning)},
  file = {/home/fernandodias/Zotero/storage/85NPKYUP/Ahuja et al. - 1993 - Network flows theory, algorithms, and application.pdf}
}

@online{CPE728CursoOtimizacaoAplicadaasRedesComputadoresYouTube_www.youtube.com,
  title = {CPE728 - Curso de Otimização Aplicada às Redes de Computadores - YouTube},
  url = {https://www.youtube.com/playlist?list=PL6i520yqwpsSR4kLpSQi72FdYeLWQqkjL},
  urldate = {2023-05-08},
  abstract = {Aproveite vídeos e músicas que você ama, envie e compartilhe conteúdo original com amigos, parentes e o mundo no YouTube.},
  langid = {brazilian},
  file = {/home/fernandodias/Zotero/storage/FKSNRKIQ/playlist.html}
}

@online{PuLP_coin,
    title = {A Transportation Problem. Case studies of the PuLP documentation},
    url = {https://coin-or.github.io/pulp/CaseStudies/a_transportation_problem.html},
    urldate = {2023-05-25},
    langid = {english}
}

@book{ghiani.etal_2004,
  title = {Introduction to Logistics Systems Planning and Control},
  author = {Ghiani, Gianpaolo and Laporte, Gilbert and Musmanno, Roberto},
  date = {2004},
  series = {Wiley-{{Interscience}} Series in Systems and Optimization},
  publisher = {{J. Wiley}},
  location = {{Hoboken, NJ, USA}},
  isbn = {978-0-470-84916-3 978-0-470-84917-0},
  langid = {english},
  pagetotal = {352},
  keywords = {Business logistics,Materials handling,Materials management},
  file = {/home/fernandodias/Zotero/storage/IRG5BI6L/Ghiani et al. - 2004 - Introduction to logistics systems planning and con.pdf}
}

@online{IntroductionMathematicalOptimizationSolvingProblemsusingGurobiPython_scipbook.readthedocs.io,
  title = {Introduction — {{Mathematical Optimization}}: {{Solving Problems}} Using {{Gurobi}} and {{Python}}},
  url = {https://scipbook.readthedocs.io/en/latest/intro.html},
  urldate = {2023-05-08},
  file = {/home/fernandodias/Zotero/storage/77F7QCUA/intro.html}
}

@book{nocedal.wright_2006,
  title = {Numerical Optimization},
  author = {Nocedal, Jorge and Wright, Stephen J.},
  date = {2006},
  series = {Springer Series in Operations Research},
  edition = {2nd ed},
  publisher = {{Springer}},
  location = {{New York}},
  isbn = {978-0-387-30303-1},
  pagetotal = {664},
  keywords = {Mathematical optimization},
  annotation = {OCLC: ocm68629100},
  file = {/home/fernandodias/Zotero/storage/YBGSH5FN/Nocedal e Wright - 2006 - Numerical optimization.pdf}
}

@incollection{ratliff.nulty_1997,
  title = {Logistics Composite Modeling},
  booktitle = {The {{Planning}} and {{Scheduling}} of {{Production Systems}}},
  author = {Ratliff, H. D. and Nulty, W. G.},
  editor = {Artiba, A. and Elmaghraby, S. E.},
  date = {1997},
  pages = {10--53},
  publisher = {{Springer US}},
  location = {{Boston, MA}},
  doi = {10.1007/978-1-4613-1195-9_2},
  url = {http://link.springer.com/10.1007/978-1-4613-1195-9_2},
  urldate = {2023-06-12},
  isbn = {978-1-4612-8507-6 978-1-4613-1195-9},
  langid = {english},
  file = {/home/fernandodias/Zotero/storage/JT8HNPME/Ratliff e Nulty - 1997 - Logistics composite modeling.pdf}
}

